<?xml version="1.0" encoding="UTF-8"?><collection xmlns="http://www.loc.gov/MARC21/slim"><record><leader>00729nam--2200193-i-4500</leader><controlfield tag="001">000024170</controlfield><controlfield tag="002">20161230</controlfield><controlfield tag="005">20161230201035</controlfield><controlfield tag="008">060222s1000------------r-----000-0-eng-d</controlfield><datafield ind1=" " ind2=" " tag="040"><subfield code="a">IFIN-HH</subfield></datafield><datafield ind1=" " ind2=" " tag="080"><subfield code="a">539.12.162.8(061.3):539.14(061.3):539.12.17(061.3)</subfield></datafield><datafield ind1="1" ind2=" " tag="100"><subfield code="a">Nagle, D.E</subfield></datafield><datafield ind1="1" ind2="0" tag="245"><subfield code="a">High-energy physics and nuclear structure - 1975. (santa fe and los alamos, 9-13, june, 1975). aip conference proceedings. number 26</subfield><subfield code="c">D.e. nagle, r.l. burman, b.g. storms, a.s. goldhaber, c.k. hargrave (eds.)</subfield></datafield><datafield ind1=" " ind2=" " tag="260"><subfield code="a">New York</subfield><subfield code="b">American Institute Of Physics</subfield><subfield code="c">1975</subfield></datafield><datafield ind1=" " ind2=" " tag="300"><subfield code="a">XXIII + 712 P</subfield></datafield><datafield ind1=" " ind2=" " tag="490"><subfield code="a">Aip Conference Proceedings, 26</subfield></datafield><datafield ind1="1" ind2=" " tag="700"><subfield code="a">Hargrave, C.K</subfield><subfield code="e">Ed</subfield></datafield><datafield ind1=" " ind2=" " tag="852"><subfield code="a">37027</subfield><subfield code="c">53</subfield></datafield><datafield ind1=" " ind2=" " tag="CAT"><subfield code="a">Sys</subfield><subfield code="c">20150313</subfield><subfield code="h">092348</subfield></datafield></record></collection>